@inproceedings{typedlua,
 author = {Maidl, A. M. and Mascarenhas, F. and Ierusalimschy, R.},
 title = {A Formalization of {Typed} {Lua}},
 booktitle = {DLS '15},
 REMseries = {DLS '15},
 year = {2015},
 isbn = {978-1-4503-3690-1},
 location = {Pittsburgh, PA, USA},
 REMpages = {13--25},
 numpages = {13},
 url = {http://doi.acm.org/10.1145/2816707.2816709},
 doi = {10.1145/2816707.2816709},
 acmid = {2816709},
 REMpublisher = {ACM},
 REMaddress = {New York, NY, USA},
 keywords = {Gradual Typing, Lua, Optional Type Systems},
} 

@article{needle,
 author = {Ierusalimschy, Roberto and de Figueiredo, Luiz Henrique and Celes, Waldemar},
 title = {Passing a Language Through the Eye of a Needle},
 journal = {Queue},
 issue_date = {May 2011},
 volume = {9},
 number = {5},
 month = may,
 year = {2011},
 issn = {1542-7730},
 pages = {20:20--20:29},
 articleno = {20},
 numpages = {10},
 url = {http://doi.acm.org/10.1145/1978862.1983083},
 doi = {10.1145/1978862.1983083},
 acmid = {1983083},
 publisher = {ACM},
 address = {New York, NY, USA},
} 
@article{moura,
 author = {Moura, A. L. and Ierusalimschy, R.},
 title = {Revisiting Coroutines},
 journal = {TOPLAS},
 issue_date = {February 2009},
 volume = {31},
 number = {2},
 month = feb,
 year = {2009},
 issn = {0164-0925},
 pages = {6:1--6:31},
 articleno = {6},
 numpages = {31},
 url = {http://doi.acm.org/10.1145/1462166.1462167},
 doi = {10.1145/1462166.1462167},
 acmid = {1462167},
 publisher = {ACM},
 address = {New York, NY, USA},
 keywords = {Continuations, generators, multitasking},
} 

@article{
syntheo,
author = {Felleisen, M. and Hieb, R.},
title = {The revised report on the syntactic theories of sequential control and state},
journal = {TCS},
year = {1992},
volume = {103},
REMpages = {235-271 },
}
@Article{calgol,
author = { 	P. J. Landin},
title = {Correspondence between ALGOL 60 and Church's Lambda-notation: part I},
journal = {Communications of the ACM},
year = {1965},
volume = {8},
pages = {89-101},
}

@inproceedings{semcontext,
author = {Casey Klein , Jay McCarthy , Steven Jaconette and Robert Bruce Findler},
title = {A Semantics for Context-Sensitive Reduction Semantics},
booktitle = {APLAS'11},
REMpages = {369-383},
year = {2011},
REMpublisher = {Springer-Verlag Berlin, Heidelberg}
}

@Book{para,
author = {Pater Van Roy, Seif Haridi},
title = {Concepts, Techniques and Models of Computer Programming},
publisher = {The MIT Press},
year = {2004},
}

@PhdThesis{fellphd,
author = {Matthias Felleisen},
title = {The calculi of Lambda-v-CS conversion: a syntactic theory of control and
state in imperative higher-order programming languages},
school = {Indiana University},
year = {1987},
OPTmonth = {August},
}

@inproceedings{
python,
author = {Politz, J. G. and Martinez, A. and Milano, M. and Warren, S. and
	Patterson, D. and
	Li, J. and 
	Chitipothu, A. and
	Krishnamurthi, S.},
title = {Python: The Full Monty: A Tested Semantics for the {Python} Programming Language},
REMbooktitle = {Proceedings of the 2013 ACM SIGPLAN international conference on Object 
oriented programming systems languages and applications},
booktitle={OOPSLA '13},
REMpages = {217-232},
year={2013}
}

@inproceedings
{
    guh,
    author = {Guha, A. and Saftoiu, C. and Krishnamurthi, S.},
    title = {The Essence of {JavaScript}},
    booktitle = {ECOOP '10},
    year = {2010},
    REMpages = {126--150},
}

@inproceedings
{
    get,
    author = {Politz, J. G. and Carroll, M. J. and Lerner, B. S. and Pombrio, J. and Krishnamurthi, S.},
    title = {A tested semantics for getters, setters, and eval in {JavaScript}},
    booktitle = {DLS '12},
    year = {2012},
    REMpages = {1--16},
}

@Book{vm,
author = {Kein-Hong Man},
title = {A No-Frills Introduction to Lua 5.1 VM Instructions},
note = {Available at luaforge.net/docman/83/98/ANoFrillsIntroToLua51VMInstructions.pdf},
}

@Manual{luaman,
title = {Lua 5.2 Reference Manual },
author = {Roberto Ierusalimschy, Luiz Henrique de Figueiredo, Waldemar Celes },
year = {2011-2013},
note = {Available at www.lua.org/manual/5.2/manual.html},
}

@Book{plt,
author = {Felleisen, M. and Finlder, R. B. and Flatt, M.},
title = {Semantics Engineering with PLT Redex},
publisher = {The MIT Press},
year = {2009},
}



@InProceedings{evlua,
author = {Ierusalimschy, R. and {de} Figueiredo, L. H. and Celes, W.},
title = {The evolution of an extension language: a history of {Lua}},
booktitle = {Brazilian Symposium on Programming Languages},
REMpages = {B-14–B-28},
year = {2001},
}

@InProceedings{evlua2,
author = {Roberto Ierusalimschy, Luiz Henrique de Figueiredo, Waldemar Celes},
title = {"The evolution of Lua"},
booktitle = {HOPL III},
REMpages = {2-1-2-26},
year = {2007},
publisher = {ACM New York, NY, USA},
}

@Book{drag,
author = {Aho, Alfred V. and Lam, Minica S. and Sethi, Ravi and Ullman, Jeffrey D.},
title = {"Compilers Principles, Techniques and Tools"},
publisher = {Pearson Education Inc.},
year = {2007},
edition = {Second},
}

@article
{
    ope,
    author = {S.  S. Maffeis, J. C. Mitchell and A. Taly},
    title  = {An operational semantics for JavaScript},
    journal = {In Asian Symposium on Programming Languages and Systems},
    year    = 2008,
}

@inbook{
		term,
    author    = "F. Baader and T. Nipkow",
    title     = "Term rewriting and all that",
    year      = "1998",
   	publisher = "Cambridge University Press",
}

@inbook{
		cur,
    author    = "M. H. B. Sorensen and P. Urzyczyn",
    title     = "Lectures on the Curry-Howard Isomorphism. Studies in Logic and the Foundations of Mathematics 149",
    year      = "1998",
   	publisher = "Elsevier Science",
}

@inproceedings
{
    pvs,
    author = {S. Owre, J. M. Rushby and N. Shankar},
    title = {PVS: A Prototype Verification System},
    booktitle = {CADE'92, Lecture Notes in Computer Science 607},
    year = {1992},
    pages = {748--752},
}

@inproceedings
{
    air,
    author = {A. L. Galdino, C. Muñoz and M. Ayala-Rincón},
    title = {Formal Verification of an Optimal Air Traffic Conflict Resolution and Recovery Algorithm},
    booktitle = {WoLLIC, Lecture Notes in Computer Science },
    year = {2007},
    pages = {177--188},
}

@inbook{
		coq,
    author    = "The Coq Development Team",
    title     = "The Coq Proof Assistant Reference Manual, Version V8.0",
    year      = "2004",
}

@inproceedings
{
    felix,
    author = {C. Morra, J. Becker, M. Ayala-Rincón and R. W. Hartenstein},
    title = {FELIX: Using Rewriting-Logic for Generating Functionally Equivalent Implementations},
    booktitle = {IEEE FPL'05},
    year = {2005},
    pages = {25--30},
}

@article
{
    prot,
    author = {M. Ayala-Rincón, C. H. Llanos, R. P. Jacobi and R. W. Hartenstein},
    title  = {Prototyping time- and space-efficient computations of algebraic operations over dynamically reconfigurable systems modeled by rewriting-logic},
    journal = {ACM Trans. Design Autom. Electr. Syst.},
    volume  = 11,
    number  = 2,
    year    = 2006,
    pages     = {251-281},
}

@article
{
    need,
    author = {R. Ierusalimschy, L. H. de Figueiredo and W. Celes},
    title  = {Passing a language through the eye of a needle},
    journal = {ACM Queue},
    volume  = 9,
    number  = 5,
    year    = 2011,
    pages     = {20-29},
}

@article
{
    spe,
    author = {R. Ierusalimschy, L. H. de Figueiredo and W. Celes},
    title  = {Lua -- an extensible extension language},
    journal = {Software: Practice and Experience},
    volume  = 26,
    number  = 6,
    year    = 1996,
    pages     = {635-652},
}

@inproceedings
{
    ieru01,
    author = {Ierusalimschy, R. and de Figueiredo, L.H. and Celes, W.},
    title = {The evolution of an extension language: a history of Lua},
    booktitle = {Brazilian Symposium on Programming Languages},
    year = {2001},
}
@article
{
    dobb,
    author = {R. Ierusalimschy, L. H. de Figueiredo and W. Celes},
    title  = {Lua: An extensible embedded language},
    journal = {Dr. Dobb's Journal},
    volume  = 21,
    number  = 12,
    year    = 1996,
    pages     = {26-33},
}

@MISC
{
     wikipedia,
     title = {Grim Fandango},
     howpublished = {en.wikipedia.org/wiki/Grim\_Fandango}
}

@inproceedings
{
    axaf,
    author = {D. Nguyen, T. Gaetz, D. Jerius and I. Stern},
    title = {Modeling AXAF obstructions with the generalized aperture program},
    booktitle = {Astronomical Data Analysis Software and Systems VI},
    year = {1996},
    pages = {485--487},
}

@inproceedings
{
    evolution,
    author = {R. Ierusalimschy, L. H. de Figueiredo and W. Celes},
    title = {The evolution of Lua},
    booktitle = {Proceedings of ACM HOPL III},
    year = {2007},
    pages = {2-1--2-26},
}

@inbook{
		reynolds,
    author    = "John C. Reynolds",
    title     = "Theories of Programming Languages",
    year      = "2009",
    publisher = "Cambridge University Press",
}

@inbook{
		winskel,
    author    = "Glynn Winskel",
    title     = "The formal semantics of programming languages: an
introduction",
    year      = "1993",
    publisher = "Cambridge, MA, USA: MIT Press",
    }
   
@InProceedings{fswr,
author = {Kevin Donnelly, J. J. Hallett, Assaf Kfoury},
title = {Formal semantics of weak references},
booktitle = {ISMM '06 Proceedings of the 5th international symposium on Memory management},
pages = {126-137},
year = {2006},
}

@InProceedings{ammm,
author = {Morrisett, G. and Felleisen, M. and Harper, R.},
title = {Abstract models of memory management},
booktitle = {FPCA '95},
REMpages = {66-77},
year = {1995},
}

@InProceedings{truers,
author = {Marco Servetto and Lindsay Groves},
title = {True small-step reduction for imperative object oriented
languages},
booktitle = {FTfJP '13},
year = {2013},}

@Article{700,
author = {P. J. Landin},
title = {The next 700 programming languages},
journal = {Communications of the ACM},
year = {1966},
volume = {9},
pages = {157-166},
}

@InProceedings{kjava,
author = {Denis Bogdanas and Grigore Roşu},
title = {K-Java: A Complete Semantics of {Java}},
booktitle = {POPL '15},
REMpages = {445-456},
year = {2015}
}

@MastersThesis{flua,
author = {Lin, Hanshu},
title = {Operational Semantics for {Featherweight} {Lua}},
school = {San José State University},
year = {2015},
month = {march}
}

@InProceedings{tjs,
author = {Bodin, M. and Chargueraud, A. and Filaretti, D. and Gardner, P. and Maffeis, S. and  Naudziuniene, D. and Schmitt, A. and Smith, G.},
title = {A trusted mechanised {JavaScript} specification},
booktitle = {POPL '14},
REMpages = {87-100},
year = {2014},
}

@InProceedings{opjs,
author = {Maffeis, S. and Mitchell, J. C. and Taly, A.},
title = {An Operational Semantics for {JavaScript}},
booktitle = {APLAS '08},
REMpages = {307 - 325},
year = {2008},
}

@Article{fwj,
author = {Igarashi, A. and Pierce, B. C. and  Wadler, P.},
title = {Featherweight {Java}: a minimal core calculus for {Java} and {GJ}},
journal = {TOPLAS},
year = {2001},
volume = {23},
pages = {396-450},
REMmonth = {May},
}

@Article{ipc,
author = {Capriccioli, A. and Servetto, M. and Zucca, E.},
title = {An Imperative Pure Calculus},
journal = {ENTCS},
year = {2016},
volume = {322},
REMpages = {87-102},
REMmonth = {April},
doi = {10.1016/j.entcs.2016.03.007},
}

@InProceedings{seplogic,
author = {Krebbers, R. and Wiedijk, F.},
title = {Separation logic for non-local control flow and block scope variables},
booktitle = {FOSSACS'13},
REMpages = {257-272},
year = {2013},
REMmonth = {March},
doi = {10.1007/978-3-642-37075-5_17}
}

@inproceedings{dls,
  author = {Soldevila, Mallku and Ziliani, Beta and Silvestre, Bruno and Fridlender, Daniel and Mascarenhas, Fabio},
  title = {Decoding {Lua}: Formal Semantics for the Developer and the Semanticist},
  booktitle = {Proceedings of the 13th ACM SIGPLAN Dynamic Languages Symposium},
  series = {DLS 2017},
  year = {2017}
}

@InProceedings{mgcoo,
  author = {Hunter, Rob and Krishnamurthi, Shriram},
  title = {A Model of Garbage Collection for OO Languages},
  booktitle = {Tenth International Workshop on Foundations of Object-Oriented 
Lang},
  year = {2003},
  publisher = {FOOL10}
}

@article{fsf,
  author    = {Marcus Amorim Leal and
               Roberto Ierusalimschy},
  title     = {A Formal Semantics for Finalizers},
  journal   = {J. {UCS}},
  volume    = {11},
  number    = {7},
  pages     = {1198--1214},
  year      = {2005},
  url       = {https://doi.org/10.3217/jucs-011-07-1198},
  doi       = {10.3217/jucs-011-07-1198},
  timestamp = {Wed, 17 May 2017 14:25:45 +0200},
  biburl    = {https://dblp.org/rec/bib/journals/jucs/LealI05},
  bibsource = {dblp computer science bibliography, https://dblp.org}
}

@article{ecwt,
author = {Barros, Alexandra and Ierusalimschy, Roberto},
year = {2008},
month = {01},
pages = {3481-3497},
title = {Eliminating Cycles in Weak Tables.},
volume = {14},
booktitle = {J. UCS}
}

@article{acjro,
 author = {Gabay, Yarom and Kfoury, Assaf J.},
 title = {A Calculus for {Java}'s Reference Objects},
 journal = {SIGPLAN Not.},
 issue_date = {August 2007},
 volume = {42},
 number = {8},
 month = aug,
 year = {2007},
 issn = {0362-1340},
 pages = {9--17},
 numpages = {9},
 url = {http://doi.acm.org/10.1145/1294297.1294299},
 doi = {10.1145/1294297.1294299},
 acmid = {1294299},
 publisher = {ACM},
 address = {New York, NY, USA},
 keywords = {formal languages, garbage collection, java reference objects, weak references},
}

@inproceedings{Klein:2012:RYR:2103656.2103691,
 author = {Klein, Casey and Clements, John and Dimoulas, Christos and Eastlund,
 Carl and Felleisen, Matthias and Flatt, Matthew and McCarthy, Jay A. and
 Rafkind, Jon and Tobin-Hochstadt, Sam and Findler, Robert Bruce},
 title = {Run Your Research: On the Effectiveness of Lightweight Mechanization},
 booktitle = {Proceedings of the 39th Annual ACM SIGPLAN-SIGACT Symposium on
 Principles of Programming Languages},
 series = {POPL '12},
 year = {2012},
 isbn = {978-1-4503-1083-3},
 location = {Philadelphia, PA, USA},
 pages = {285--296},
 numpages = {12},
 url = {http://doi.acm.org/10.1145/2103656.2103691},
 doi = {10.1145/2103656.2103691},
 acmid = {2103691},
 publisher = {ACM},
 address = {New York, NY, USA},
 keywords = {lightweight semantics engineering},
} 

@inproceedings{McCreight2010,
 author = {McCreight, Andrew and Chevalier, Tim and Tolmach, Andrew},
 title = {A Certified Framework for Compiling and Executing Garbage-collected Languages},
 REMbooktitle = {Proceedings of the 15th ACM SIGPLAN International Conference on Functional Programming},
 series = {ICFP '10},
 year = {2010},
 isbn = {978-1-60558-794-3},
 REMlocation = {Baltimore, Maryland, USA},
 REMpages = {273--284},
 REMnumpages = {12},
 REMurl = {http://doi.acm.org/10.1145/1863543.1863584},
 REMdoi = {10.1145/1863543.1863584},
 REMacmid = {1863584},
 publisher = {ACM},
 REMaddress = {New York, NY, USA},
 keywords = {certified compilation, garbage collection, haskell compilation, program proof, the coq theorem prover},
} 

@InProceedings{Zakowski2017,
author="Zakowski, Yannick
and Cachera, David
and Demange, Delphine
and Petri, Gustavo
and Pichardie, David
and Jagannathan, Suresh
and Vitek, Jan",
REMeditor="Ayala-Rinc{\'o}n, Mauricio
and Mu{\~{n}}oz, C{\'e}sar A.",
title="Verifying a Concurrent Garbage Collector Using a Rely-Guarantee Methodology",
booktitle="Interactive Theorem Proving",
year="2017",
REMpublisher="Springer International Publishing",
address="Cham",
REMpages="496--513",
isbn="978-3-319-66107-0"
}

@inproceedings{ghcwp,
author = {Peyton Jones, Simon and Marlow, Simon and Elliott, Conal},
year = {2000},
month = {05},
pages = {},
title = {Stretching the Storage Manager: Weak Pointers and Stable Names in Haskell},
journal = {Lecture Notes in Computer Science},
doi = {10.1007/10722298_3}
}

@article{ephnew,
author = {Hayes, Barry},
title = {Ephemerons: A New Finalization Mechanism},
year = {1997},
issue_date = {October 1997},
publisher = {Association for Computing Machinery},
address = {New York, NY, USA},
volume = {32},
number = {10},
issn = {0362-1340},
url = {https://doi.org/10.1145/263700.263733},
doi = {10.1145/263700.263733},
journal = {SIGPLAN Not.},
month = oct,
pages = {176–183},
numpages = {8},
keywords = {finalization, weak pointers, resource management, garbage collection}
}

@inproceedings{fincolint,
author = {Hayes B.},
year = {1992},
title = {Finalization in the collector interface},
journal = {Bekkers Y., Cohen J. (eds) Memory Management. IWMM 1992. 
Lecture Notes in Computer Science.}, 
publisher = { Springer, Berlin, Heidelberg},
}

@misc{lua-implementations,
title={Lua Implementations}, 
year={2018},
author={Anonymous},
howpublished={\url{http://lua-users.org/wiki/LuaImplementations}},
note={Accessed: 2020-05-04}
}

@misc{lua-analyzers,
title={Lua Analyzers}, 
year={2014},
author={Anonymous},
howpublished={\url{http://lua-users.org/wiki/ProgramAnalysis}},
note={Accessed: 2020-05-04}
}

@misc{lua-games,
title={The Engine Survey}, 
year={2009},
howpublished={\url{http://www.satori.org/2009/03/the-engine-survey-general-results/}},
note={Accessed: 2020-05-04},
author={Mark DeLoura}
}

@misc{lua-refman,
title={Lua 5.2 Reference Manual}, 
year={2015},
howpublished={\url{https://www.lua.org/manual/5.2/manual.html}},
note={Accessed: 2020-05-04},
author={Anonymous}
}

@misc{code,
title={Code for {Lua}'s semantics in {PLT Redex}}, 
year={2020},
howpublished={\url{https://github.com/Mallku2/lua-gc-redex-model}},
note={Accessed: 2020-05-04},
author={Soldevila, Mallku}
}

@misc{codeluasafe,
title={Code for \gctool{}}, 
year={2020},
howpublished={\url{https://github.com/Mallku2/luasafe-redex}},
note={Accessed: 2020-05-04},
author={Soldevila, Mallku}
}

@misc{weak-js,
title={Weak references and finalizers}, 
year={2019},
howpublished={\url{https://v8.dev/features/weak-references}},
note={Accessed: 2020-05-04},
author={Sathya Gunasekaran and Mathias Bynens}
}


@inproceedings{ttij,
author = {Anderson, Christopher and Giannini, Paola and Drossopoulou, Sophia},
title = {Towards Type Inference for {JavaScript}},
year = {2005},
isbn = {354027992X},
publisher = {Springer-Verlag},
address = {Berlin, Heidelberg},
url = {https://doi.org/10.1007/11531142_19},
doi = {10.1007/11531142_19},
booktitle = {Proceedings of the 19th European Conference on Object-Oriented Programming},
pages = {428--452},
numpages = {25},
location = {Glasgow, UK},
series = {ECOOP'05}
}

@PhdThesis{fabiophd,
author = {Fabio Mascarenhas de Queiroz},
title = {Optimized Compilation of a Dynamic Language to a Managed Runtime 
Environment},
school = {Pontifícia Universidade Católica do Rio de Janeiro},
year = {2009},
}

@inproceedings{aspects-trace,
author = {Avgustinov, Pavel and Bodden, Eric and Hajiyev, Elnar and Hendren, Laurie and Lhoták, Ondrej and Moor, Oege and Ongkingco, Neil and Sereni, Damien and Sittampalam, Ganesh and Tibble, Julian and Verbaere, Mathieu},
year = {2006},
month = {01},
pages = {20-39},
title = {Aspects for Trace Monitoring},
volume = {4262},
doi = {10.1007/11940197_2}
}

@inbook{region-based-mm,
author = {Higuera-Toledano, M. and Yovine, Sergio and Garbervetsky, Diego},
year = {2012},
month = {11},
pages = {101-127},
title = {Region-Based Memory Management: An Evaluation of Its Support in {RTSJ}},
isbn = {978-1-4419-8157-8},
doi = {10.1007/978-1-4419-8158-5_5}
}

      
@article{flow-sensitive-sec,
    author = {Hunt, Sebastian and Sands, David},
    title = {On Flow-Sensitive Security Types},
    year = {2006},
    issue_date = {January 2006},
    publisher = {Association for Computing Machinery},
    address = {New York, NY, USA},
    volume = {41},
    number = {1},
    issn = {0362-1340},
    url = {https://doi.org/10.1145/1111320.1111045},
    doi = {10.1145/1111320.1111045},
    abstract = {},
    journal = {SIGPLAN Not.},
    month = {jan},
    pages = {79–90},
    numpages = {12},
    keywords = {type systems, information flow, flow-sensitivity, static analysis, non-interference}
 }

      

